@article{ANS2013,
  author    = {Jarek Duda},
  title     = {Asymmetric numeral systems as close to capacity low state entropy
               coders},
  journal   = {CoRR},
  volume    = {abs/1311.2540},
  year      = {2013},
  url       = {http://arxiv.org/abs/1311.2540},
  timestamp = {Tue, 03 Dec 2013 15:04:21 +0100},
  biburl    = {http://dblp.uni-trier.de/rec/bib/journals/corr/Duda13},
  bibsource = {dblp computer science bibliography, http://dblp.org}
}

@misc{dictionnary,
    author = {Yann Collet},
    title = {Compressing small data},
    year = {2016},
    url = {\url{https://fastcompression.blogspot.be/2016/02/compressing-small-data.html}},
    note = {Accessed: 02 november 2016}
}

@misc{compress_format,
    author = {Yann Collet},
    title = {Zstandard Compression Format},
    year = {2016},
    url = {\url{https://github.com/facebook/zstd/blob/dev/doc/zstd_compression_format.md}},
    note = {Accessed: 02 november 2016}
}

@misc{fse,
    author = {Yann Collet},
    title = { Finite State Entropy - A new breed of entropy coder },
    year = {2013},
    url = {\url{https://fastcompression.blogspot.be/2013/12/finite-state-entropy-new-breed-of.html}},
    note = {Accessed: 02 november 2016}
}

@misc{superscalar,
    author = {Larry A. Crum},
    title = {Slide for "Superscalar machines" lecture},
    year = {2016},
    url = {\url{https://faculty.washington.edu/lcrum/TCSS372AF09/13_Superscalar.ppt}},
    howpublished = {University of Washington}
}

@misc{outoforder,
    author = {Susan Eggers},
    title = {Slide for "In-order vs out-of-order execution" lecture},
    year = {2006},
    url = {\url{https://courses.cs.washington.edu/courses/csep548/06au/lectures/introOOO.pdf}},
    howpublished = {University of Washington}
}

@misc{presentation,
    author = {Yann Collet, Chip Turner},
    title = {Smaller and faster data compression with Zstandard},
    year = {2016},
    url = {\url{https://code.facebook.com/posts/1658392934479273/smaller-and-faster-data-compression-with-zstandard/}},
    howpublished = {Facebook code}
}

@misc{pipelining,
    author = {Eric Roberts},
    title = {How pipelining works},
    year = {2000},
    url = {\url{https://cs.stanford.edu/people/eroberts/courses/soco/projects/risc/pipelining/}},
    howpublished = {Standford University}
}

@misc{costop,
    author = {"No Bugs" Hare},
    title = {Infographics: Operation Costs in CPU Clock Cycles},
    year = {2016},
    url = {\url{http://ithare.com/infographics-operation-costs-in-cpu-clock-cycles/}},
    howpublished = {IT Hare website}
}
